<?xml version="1.0" encoding="UTF-8"?><collection xmlns="http://www.loc.gov/MARC21/slim"><record><leader>00552nam--2200181-i-4500</leader><controlfield tag="001">000046931</controlfield><controlfield tag="002">20161230</controlfield><controlfield tag="005">20161230201046</controlfield><controlfield tag="008">060222s1000------------r-----000-0-eng-d</controlfield><datafield ind1=" " ind2=" " tag="040"><subfield code="a">IFIN-HH</subfield></datafield><datafield ind1=" " ind2=" " tag="080"><subfield code="a">539</subfield></datafield><datafield ind1="1" ind2=" " tag="100"><subfield code="a">Washtell, C.C.H</subfield></datafield><datafield ind1="1" ind2="0" tag="245"><subfield code="a">An introduction to radiation counters and detectors</subfield><subfield code="b">With a foreword by a.g. maddock</subfield><subfield code="c">C.g.h. washtell</subfield></datafield><datafield ind1=" " ind2=" " tag="260"><subfield code="a">London</subfield><subfield code="b">George Lewnes Ltd</subfield><subfield code="c">1958</subfield></datafield><datafield ind1=" " ind2=" " tag="300"><subfield code="a">XII+115P., 36FIG</subfield></datafield><datafield ind1=" " ind2=" " tag="490"><subfield code="a">Newnes' Practical Science Series</subfield></datafield><datafield ind1=" " ind2=" " tag="852"><subfield code="a">14128</subfield><subfield code="c">539.1.07:539.1.08</subfield></datafield><datafield ind1=" " ind2=" " tag="CAT"><subfield code="a">Sys</subfield><subfield code="c">20111018</subfield><subfield code="h">104450</subfield></datafield></record></collection>